% This file was created with JabRef 2.10.
% Encoding: UTF-8


@Article{Adomavicius,
  Title                    = {Toward the next generation of recommender systems: a survey of the state-of-the-art and possible extensions},
  Author                   = {Gediminas Adomavicius and Alexander Tuzhilin},
  Journal                  = {IEEE Transactions on Knowledge and Data Engineering ( Volume: 17, Issue: 6, June 2005 )},
  Year                     = {2005}
}

@Book{Aggarwal,
  Title                    = {Recommender Systems The Textbook},
  Author                   = {Charu C. Aggarwal},
  Publisher                = {Springer},
  Year                     = {2016}
}

@Electronic{amazon,
  Author                   = {Amazon.com},
  Note                     = {Accessed at 24/09/2017},
  Url                      = {www.amazon.com},
  Year                     = {2017}
}

@Manual{anaconda,
  Title                    = {Anaconda Software Distribution. Computer software. Vers. 5.0.0},
  Author                   = {Anaconda},
  Month                    = {09},
  Year                     = {2017},

  Url                      = {anaconda.com}
}

@Article{Bell,
  Title                    = {Scalable Collaborative Filtering with Jointly Derived Neighborhood Interpolation Weights},
  Author                   = {Robert M. Bell and Yehuda Koren},
  Journal                  = {Seventh IEEE International Conference on Data Mining (ICDM 2007)},
  Year                     = {2007}
}

@Article{Bennett,
  Title                    = {The netflix prize},
  Author                   = {James Bennett and Stan Lanning},
  Journal                  = {Proceedings of KDD cup and workshop},
  Year                     = {2007}
}

@Book{Brusilovsky,
  Title                    = {The Adaptive Web: Methods and Strategies of Web Personalization},
  Author                   = {Peter Brusilovsky and Alfred Kobsa and Wolfgang Nejdl},
  Publisher                = {Springer},
  Year                     = {2007}
}

@Article{Burke,
  Title                    = {Recommender Systems: An Overview},
  Author                   = {Robin Burke and Alexander Felfernig and Mehmet H. Göker},
  Journal                  = {Ai Magazine},
  Year                     = {2011}
}

@Article{Fleder,
  Title                    = {Recommender systems and their impact on sales diversity},
  Author                   = {Daniel M Fleder and Kartik Hosanagar},
  Journal                  = {Proceedings of the 8th ACM conference on Electronic commerce},
  Year                     = {2007}
}

@Article{herlocker2002empirical,
  Title                    = {An empirical analysis of design choices in neighborhood-based collaborative filtering algorithms},
  Author                   = {Herlocker, Jon and Konstan, Joseph A and Riedl, John},
  Journal                  = {Information retrieval},
  Year                     = {2002},
  Number                   = {4},
  Pages                    = {287--310},
  Volume                   = {5},

  Publisher                = {Springer}
}

@Article{Herlocker,
  Title                    = {Explaining Collaborative Filtering Recommendations},
  Author                   = {Jonathan L. Herlocker and Joseph A. Konstan and John Riedl},
  Journal                  = {CSCW '00 Proceedings of the 2000 ACM conference on Computer supported cooperative work},
  Year                     = {2000}
}

@Article{Hu,
  Title                    = {Collaborative Filtering for Implicit Feedback Datasets},
  Author                   = {Yifan Hu and Yehuda Koren and Chris Volinsky},
  Journal                  = {2008 Eighth IEEE International Conference on Data Mining},
  Year                     = {2008}
}

@Article{Hunter:2007,
  Title                    = {Matplotlib: A 2D graphics environment},
  Author                   = {Hunter, J. D.},
  Journal                  = {Computing In Science \& Engineering},
  Year                     = {2007},
  Number                   = {3},
  Pages                    = {90--95},
  Volume                   = {9},

  Abstract                 = {Matplotlib is a 2D graphics package used for Python
 for application development, interactive scripting, and
 publication-quality image generation across user
 interfaces and operating systems.},
  Doi                      = {10.1109/MCSE.2007.55},
  Publisher                = {IEEE COMPUTER SOC}
}

@Book{Jannach,
  Title                    = {Recommender Systems An Introduction},
  Author                   = {Dietmar Jannach and Markus Zanker and Alexander Felfernig and Gerhard Friedrich},
  Publisher                = {Cambridge University Press},
  Year                     = {2010}
}

@Article{Koren,
  Title                    = {Collaborative filtering with temporal dynamics},
  Author                   = {Yehuda Koren},
  Journal                  = {Communications of the ACM},
  Year                     = {2010}
}

@Article{Massa,
  Title                    = {Trust-aware Recommender Systems},
  Author                   = {Paolo Massa and Paolo Avesani},
  Journal                  = {RecSys '07 Proceedings of the 2007 ACM conference on Recommender systems},
  Year                     = {2007}
}

@Electronic{netflix,
  Author                   = {Netflix.com},
  Note                     = {Accessed at 24/09/2017},
  Url                      = {www.netflix.com},
  Year                     = {2017}
}

@Book{Ricci,
  Title                    = {Recommender Systems Handbook Second Edition},
  Author                   = {Francesco Ricci and Lior Rokach and Bracha Shapira},
  Publisher                = {Springer},
  Year                     = {2015}
}

@InProceedings{sarwar2001item,
  Title                    = {Item-based collaborative filtering recommendation algorithms},
  Author                   = {Sarwar, Badrul and Karypis, George and Konstan, Joseph and Riedl, John},
  Booktitle                = {Proceedings of the 10th international conference on World Wide Web},
  Year                     = {2001},
  Organization             = {ACM},
  Pages                    = {285--295}
}

@InCollection{schafer2007collaborative,
  Title                    = {Collaborative filtering recommender systems},
  Author                   = {Schafer, J Ben and Frankowski, Dan and Herlocker, Jon and Sen, Shilad},
  Booktitle                = {The adaptive web},
  Publisher                = {Springer},
  Year                     = {2007},
  Pages                    = {291--324}
}

@Article{Schafer,
  Title                    = {Recommender systems in e-commerce},
  Author                   = {J. Ben Schafer and Joseph Konstan and John Riedl},
  Journal                  = {EC '99 Proceedings of the 1st ACM conference on Electronic commerce},
  Year                     = {1999}
}

@InProceedings{shardanand1995social,
  Title                    = {Social information filtering: algorithms for automating “word of mouth”},
  Author                   = {Upendra Shardanand and Pattie Maes},
  Booktitle                = {Proceedings of the SIGCHI conference on Human factors in computing systems},
  Year                     = {1995},
  Organization             = {ACM Press/Addison-Wesley Publishing Co.},
  Pages                    = {210--217}
}

@Electronic{Zacharski,
  Title                    = {A Programmer’s Guide to Data Mining: The Ancient Art of the Numerati},
  Author                   = {Ron Zacharski},
  Language                 = {English},
  Url                      = {www.guidetodatamining.com},
  Year                     = {2015}
}

